<record><leader>00000cas a22000007a 4500</leader><controlfield tag="001">13054849</controlfield><controlfield tag="008">860123d18821893mtudn ne      0   a0eng c</controlfield><datafield ind1=" " ind2=" " tag="010"><subfield code="a">sn 86075021 </subfield></datafield><datafield ind1=" " ind2=" " tag="040"><subfield code="a">MTL</subfield><subfield code="b">eng</subfield><subfield code="c">MTL</subfield><subfield code="d">CNW</subfield><subfield code="d">OCLCQ</subfield><subfield code="d">DLC</subfield><subfield code="d">OCLCF</subfield></datafield><datafield ind1=" " ind2=" " tag="012"><subfield code="l">a</subfield></datafield><datafield ind1="0" ind2=" " tag="022"><subfield code="a">2163-4912</subfield><subfield code="2">1</subfield></datafield><datafield ind1="1" ind2=" " tag="029"><subfield code="a">AU@</subfield><subfield code="b">000025801361</subfield></datafield><datafield ind1=" " ind2=" " tag="042"><subfield code="a">pcc</subfield><subfield code="a">nsdp</subfield></datafield><datafield ind1=" " ind2=" " tag="043"><subfield code="a">n-us-mt</subfield></datafield><datafield ind1="0" ind2="0" tag="050"><subfield code="a">Newspaper</subfield></datafield><datafield ind1="1" ind2="0" tag="082"><subfield code="a">070</subfield><subfield code="2">14</subfield></datafield><datafield ind1="0" ind2=" " tag="130"><subfield code="a">Daily Yellowstone journal (Miles City, Mont. : 1882)</subfield></datafield><datafield ind1=" " ind2="0" tag="222"><subfield code="a">Daily Yellowstone journal</subfield><subfield code="b">(Miles City, Mont. 1882)</subfield></datafield><datafield ind1="1" ind2="0" tag="245"><subfield code="a">Daily Yellowstone journal.</subfield></datafield><datafield ind1="1" ind2="3" tag="246"><subfield code="a">Daily journal</subfield></datafield><datafield ind1=" " ind2=" " tag="260"><subfield code="a">Miles City, Mont. :</subfield><subfield code="b">W.D. Knight</subfield></datafield><datafield ind1=" " ind2=" " tag="300"><subfield code="a">v. :</subfield><subfield code="b">ill. (chiefly ads.) ;</subfield><subfield code="c">51-56 cm.</subfield></datafield><datafield ind1=" " ind2=" " tag="310"><subfield code="a">Daily (except Mon.)</subfield></datafield><datafield ind1="0" ind2=" " tag="362"><subfield code="a">Vol. 1, no. 1 (Oct. 18, 1882)-</subfield></datafield><datafield ind1="1" ind2=" " tag="362"><subfield code="a">Ceased with: January 17, 1893 issue.</subfield></datafield><datafield ind1=" " ind2=" " tag="515"><subfield code="a">Suspended: Feb.-Sept. 1883.</subfield></datafield><datafield ind1=" " ind2=" " tag="530"><subfield code="a">Archived issues are available in digital format as part of the Library of Congress Chronicling America online collection.</subfield></datafield><datafield ind1=" " ind2="0" tag="651"><subfield code="a">Miles City (Mont.)</subfield><subfield code="v">Newspapers.</subfield></datafield><datafield ind1=" " ind2="0" tag="651"><subfield code="a">Custer County (Mont.)</subfield><subfield code="v">Newspapers.</subfield></datafield><datafield ind1=" " ind2="7" tag="655"><subfield code="a">Newspapers.</subfield><subfield code="2">fast</subfield><subfield code="0">(OCoLC)fst01423814</subfield></datafield><datafield ind1=" " ind2="7" tag="651"><subfield code="a">Montana</subfield><subfield code="z">Custer County.</subfield><subfield code="2">fast</subfield><subfield code="0">(OCoLC)fst01212161</subfield></datafield><datafield ind1=" " ind2="7" tag="651"><subfield code="a">Montana</subfield><subfield code="z">Miles City.</subfield><subfield code="2">fast</subfield><subfield code="0">(OCoLC)fst01212029</subfield></datafield><datafield ind1=" " ind2=" " tag="752"><subfield code="a">United States</subfield><subfield code="b">Montana</subfield><subfield code="c">Custer</subfield><subfield code="d">Miles City.</subfield></datafield><datafield ind1="0" ind2=" " tag="775"><subfield code="t">Yellowstone journal (Miles City, Mont. : Weekly : 1879)</subfield><subfield code="g">Oct. 1882-Mar. 1884</subfield><subfield code="w">(DLC)sn 86075013</subfield><subfield code="w">(OCoLC)13026272</subfield></datafield><datafield ind1="0" ind2=" " tag="775"><subfield code="t">Weekly Yellowstone journal</subfield><subfield code="g">Apr. 1884-Aug. 1885</subfield><subfield code="w">(DLC)sn 86075014</subfield><subfield code="w">(OCoLC)13026315</subfield></datafield><datafield ind1="0" ind2=" " tag="775"><subfield code="t">Weekly Yellowstone journal and live stock reporter</subfield><subfield code="g">Aug. 1885-July 1891</subfield><subfield code="w">(DLC)sn 86075015</subfield><subfield code="w">(OCoLC)13039730</subfield></datafield><datafield ind1="0" ind2="0" tag="785"><subfield code="t">Yellowstone journal (Miles City, Mont. : Daily)</subfield><subfield code="x">2329-5619</subfield><subfield code="w">(DLC)sn 86075022</subfield><subfield code="w">(OCoLC)13055082</subfield></datafield><datafield ind1="4" ind2="1" tag="856"><subfield code="u">http://www.loc.gov/chroniclingamerica/lccn/sn86075021/issues</subfield></datafield></record>